% This file was created with JabRef 2.9.2.
% Encoding: UTF8

@BOOK{Almanah,
	title = {Введение в проблематику Смарт Сити},
	publisher = {Овчинников А.},
	year = {2015},
	author = {Овчинников А.},
	pages = {3-7},
}

@BOOK{Harrison,
	title = {Theory of smart cities.},
	publisher = {UK},
	year = {2011},
	author = {Harrison C., Donnelly I.A.},
	pages = {1-15},
}

@ARTICLE{smartcity,
	title = {ИНФОРМАЦИОННЫЕ ТЕХНОЛОГИИ В МОСКВЕ},
	timestamp = {2018.12.15},
	url = {https://www.mos.ru/city/projects/smartcity/}
}

@ARTICLE{NK,
	author = {Алексей Лагутенков},
	title = {«Умный город»: от концепции к воплощению},
	journal = {Наука и жизнь},
	year = {2018},
	number = {8},
	timestamp = {2018.12.15},
	url = {https://www.nkj.ru/archive/articles/34224/}
}

@ARTICLE{journal,
	title = {Автоматизированная система	контроля количества	и качества предоставления коммунальных услуг населению города},
	author = {Василий Карпов},
	year = {2007.04.},
	url = {https://www.cta.ru/cms/f/?/364254.pdf}
}

@ARTICLE{journal2,
	title = {Система сбора и обработки данных узлов учета тепловой энергии в ЖКХ "СКАУТ-тепло"},
	author = {Роза Тенякова},
	year = {2010.03.},
	url = {https://www.cta.ru/cms/f/434758.pdf}
}

@comment{jabref-meta: selector_publisher:}

@comment{jabref-meta: selector_author:}

@comment{jabref-meta: selector_journal:}

@comment{jabref-meta: selector_keywords:}

